<record><leader>00000cas a22000007a 4500</leader><controlfield tag="001">17788770</controlfield><controlfield tag="008">880413d18781879iauwr ne      0    0eng d</controlfield><datafield ind1=" " ind2=" " tag="010"><subfield code="a">sn 88059697 </subfield></datafield><datafield ind1=" " ind2=" " tag="040"><subfield code="a">INP</subfield><subfield code="b">eng</subfield><subfield code="c">INP</subfield><subfield code="d">OCLCQ</subfield></datafield><datafield ind1=" " ind2=" " tag="042"><subfield code="a">msc</subfield></datafield><datafield ind1="0" ind2=" " tag="130"><subfield code="a">Tama County Democrat (Tama City, Iowa)</subfield></datafield><datafield ind1="1" ind2="0" tag="245"><subfield code="a">Tama County Democrat.</subfield></datafield><datafield ind1=" " ind2=" " tag="260"><subfield code="a">Tama City, Iowa :</subfield><subfield code="b">S.W. Grove</subfield></datafield><datafield ind1=" " ind2=" " tag="300"><subfield code="a">v.</subfield></datafield><datafield ind1=" " ind2=" " tag="310"><subfield code="a">Weekly</subfield></datafield><datafield ind1="1" ind2=" " tag="362"><subfield code="a">Issued 1878-1879?</subfield></datafield><datafield ind1=" " ind2=" " tag="500"><subfield code="a">Tama, Iowa, formerly called Tama City, Iowa.</subfield></datafield><datafield ind1=" " ind2=" " tag="588"><subfield code="a">Description based on: Vol. 1, no. 3 (Apr. 26, 1878).</subfield></datafield><datafield ind1=" " ind2=" " tag="752"><subfield code="a">United States</subfield><subfield code="b">Iowa</subfield><subfield code="c">Tama</subfield><subfield code="d">Tama City.</subfield></datafield><datafield ind1=" " ind2=" " tag="752"><subfield code="a">United States</subfield><subfield code="b">Iowa</subfield><subfield code="c">Tama</subfield><subfield code="d">Tama.</subfield></datafield></record>